%%%%%%%%%%%%%%%%%%%%%%%%%%%%%%%%%%%%%%%%%%%%%%%%%%%%%%%%%%%%%%%%%%%%%%%%%%%%%%%%
%% Original References
@inproceedings{BabenkoSlesarevChigorinLempitsky:2014,
	author = {Artem Babenko and Anton Slesarev and Alexander Chigorin and Victor S. Lempitsky},
	title = {Neural Codes for Image Retrieval},
	booktitle = {Computer Vision, European Conference on},
	series = {Lecture Notes in Computer Science},
	publisher = {Springer},
	volume = {8689},
	address = {Zurich, Switzerland},
	pages = {584--599},
	month = {September},
	year = {2014},
	url = {http://dx.doi.org/10.1007/978-3-319-10590-1_38},
}

@inproceedings{ArandjelovicZisserman:2013,
	author = {Relja Arandjelovi{\'c} and Andrew Zisserman},
	title = {All About {VLAD}},
	booktitle = {Computer Vision and Pattern Recognition, Conference on},
	address = {Portland, Oregon},
	pages = {1578--1585},
	month = {June},
	year = {2013},
	url = {http://dx.doi.org/10.1109/CVPR.2013.207},
}

% Siamese networks
@inproceedings{ChopraHadsellLeCun:2005,
	author = {Sumit Chopra and Raia Hadsell and Yann LeCun},
	title = {Learning a Similarity Metric Discriminatively, with Application to Face Verification},
	booktitle = {Computer Vision and Pattern, Conference on},
	address = {San Diego, California},
	pages = {539--546},
	month = {June},
	year = {2005},
	url = {http://dx.doi.org/10.1109/CVPR.2005.202},
}

% Compared technique (sparse-coded features)
@inproceedings{GeKeSun:2013,
	author = {Tiezheng Ge and Qifa Ke and Jian Sun},
	title = {Sparse-Coded Features for Image Retrieval},
	booktitle = {British Machine Vision Conference},
    month = {September},
    year = {2013},
    address = {Bristol, United Kingdom},
	url = {http://research.microsoft.com/apps/pubs/default.aspx?id=205149},
}

% Dimensionality reduction of Fisher vectors
@inproceedings{GordoSerranoPerronninValveny:2012,
	author = {Albert Gordo and Jos{\'{e}} A. Rodr{\'{\i}}guez{-}Serrano and Florent Perronnin and Ernest Valveny},
	title = {Leveraging category-level labels for instance-level image retrieval},
	booktitle = {Computer Vision and Pattern Recognition, Conference on},
	address = {Providence, Rhode Island},
	pages = {3045--3052},
	month = {June},
	year = {2012},
	url = {http://dx.doi.org/10.1109/CVPR.2012.6248035},
}

% Compared technique
@inproceedings{JegouZisserman:2014,
	author = {Herv{\'{e}} J{\'{e}}gou and Andrew Zisserman},
	title = {Triangulation Embedding and Democratic Aggregation for Image Search},
	booktitle = {Computer Vision and Pattern Recognition, Conference on},
	address = {Columbus},
	pages = {3310--3317},
	month = {June},
	year = {2014},
	url = {http://dx.doi.org/10.1109/CVPR.2014.417},
}

% ImageNet CNN
@inproceedings{KrizhevskySutskeverHinton:2012,
	author = {Alex Krizhevsky and Ilya Sutskever and Geoffrey E. Hinton},
	title = {{ImageNet} Classification with Deep Convolutional Neural Networks},
	booktitle = {Advances in Neural Information Processing Systems},
	FULLpublisher = {MIT Press},
	pages = {1106--1114},
	month = {December},
	year = {2012},
	address = {Lake Tahoe, Nevada},
	url = {http://papers.nips.cc/paper/4824-imagenet-classification-with-deep-convolutional-neural-networks},
}

% Multi-view RGB dataset
@inproceedings{LaiBoRenFox:2011,
	author = {Kevin Lai and Liefeng Bo and Xiaofeng Ren and Dieter Fox},
	title = {A large-scale hierarchical multi-view {RGB-D} object dataset},
	booktitle = {Robotics and Automation, International Conference on},
	address = {Shanghai, China},
	pages = {1817--1824},
	month = {May},
	year = {2011},
	url = {http://dx.doi.org/10.1109/ICRA.2011.5980382},
}

% University of Kentucky dataset
@inproceedings{NisterStewenius:2006,
	author = {David Nist{\'{e}}r and Henrik Stew{\'{e}}nius},
	title = {Scalable Recognition with a Vocabulary Tree},
	booktitle = {Computer Vision and Pattern Recognition, Conference on},
	address = {New York, NY},
	pages = {2161--2168},
	month = {June},
	year = {2006},
	url = {http://dx.doi.org/10.1109/CVPR.2006.264},
}

% Transferring CNN ImageNet to smaller datasets
@inproceedings{OquabBottouLaptevSivic:2014,
	author = {Maxime Oquab and L{\'{e}}on Bottou and Ivan Laptev and Josef Sivic},
	title = {Learning and Transferring Mid-level Image Representations Using Convolutional Neural Networks},
	booktitle = {Computer Vision and Pattern Recognition, Conference on},
	address = {Columbus, OH},
	pages = {1717--1724},
	month = {June},
	year = {2014},
	url = {http://dx.doi.org/10.1109/CVPR.2014.222},
}

% Fisher for image classification (similar to retrieval)
@inproceedings{PerronninSanchezMensink:2010,
	author = {Florent Perronnin and Jorge S{\'{a}}nchez and Thomas Mensink},
	title = {Improving the Fisher Kernel for Large-Scale Image Classification},
	booktitle = {Computer Vision, European Conference on},
	series = {Lecture Notes in Computer Science},
	publisher = {Springer},
	volume = {6314},
	address = {Heraklion, Greece},
	pages = {143--156},
	month = {September},
	year = {2010},
	url = {http://dx.doi.org/10.1007/978-3-642-15561-1_11},
}

% Oxford dataset
@inproceedings{PhilbinChumIsardSivicZisserman:2007,
	author = {James Philbin and Ondrej Chum and Michael Isard and Josef Sivic and Andrew Zisserman},
	title = {Object retrieval with large vocabularies and fast spatial matching},
	booktitle = {Computer Vision and Pattern, Conference on},
	address = {Minneapolis, Minnesota},
	pages = {1--8},
	month = {June},
	year = {2007},
	url = {http://dx.doi.org/10.1109/CVPR.2007.383172},
}

% Similar work:
@article{RazavianAzizpourSullivanCarlsson:2014,
	author = {Ali Sharif Razavian and Hossein Azizpour and Josephine Sullivan and Stefan Carlsson},
	title = {{CNN} Features off-the-shelf: an Astounding Baseline for Recognition},
	journal = {Computing Research Repository},
	volume = {abs/1403.6382},
	year = {2014},
	url = {http://arxiv.org/abs/1403.6382},
}

% Discriminatively dimension reduction
@inproceedings{SimonyanParkhiVedaldiZisserman:2013,
  author = {Karen Simonyan and Omkar M. Parkhi and Andrea Vedaldi and Andrew Zisserman},
  title = {Fisher Vector Faces in the Wild},
  booktitle = {British Machine Vision Conference},
  month = {September},
  year = {2013},
  address = {Bristol, United Kingdom},
  url  = {http://dx.doi.org/10.5244/C.27.8},
}

% Classemes
@inproceedings{TorresaniSzummerFitzgibbon:2010,
	author = {Lorenzo Torresani and Martin Szummer and Andrew W. Fitzgibbon},
	title = {Efficient Object Category Recognition Using Classemes},
	booktitle = {Computer Vision, European Conference on},
	series = {Lecture Notes in Computer Science},
	publisher = {Springer},
	volume = {6311},
	address = {Heraklion, Greece},
	pages = {776--789},
	month = {September},
	year = {2010},
	url = {http://dx.doi.org/10.1007/978-3-642-15549-9_56},
}

%%%%%%%%%%%%%%%%%%%%%%%%%%%%%%%%%%%%%%%%%%%%%%%%%%%%%%%%%%%%%%%%%%%%%%%%%%%%%%%%
%% Additional References

% Fisher for image retrieval
@inproceedings{PerronninLiuSanchezPoirier:2010b,
    author = {Florent Perronnin and Yan Liu and Jorge S{\'{a}}nchez and Herve Poirier},
    title = {Large-scale image retrieval with compressed Fisher vectors},
    booktitle = {Computer Vision and Pattern, Conference on},
    pages = {3384--3391},
    month = {June},
    year = {2010},
    address = {San Francisco, California},
    url = {http://dx.doi.org/10.1109/CVPR.2010.5540009},
}

% Fisher for iamge categorization
@inproceedings{PerronninDance:2007,
    author = {Florent Perronnin and Christopher R. Dance},
    title = {Fisher Kernels on Visual Vocabularies for Image Categorization},
    booktitle = {Computer Vision and Pattern Recognition, Conference on},
    pages = {1--8},
    month = {June},
    year = {2007},
    address = {Minneapolis, Minnesota},
    url = {http://dx.doi.org/10.1109/CVPR.2007.383266},
}

% Original Fisher for classification
@inproceedings{JaakkolaHaussler:1999,
    author = {Tommi S. Jaakkola and David Haussler},
    title = {Exploiting Generative Models in Discriminative Classifiers},
    booktitle = {Advances in Neural Information Processing Systems},
    month = {November},
    year = {1999},
    address = {Denver, Colorado},
    pages = {487--493},
    url = {http://dl.acm.org/citation.cfm?id=340534.340715},
    FULLpublisher = {MIT Press},
} 

@article{ZhangTianHuangRui:2014,
	author = {Shiliang Zhang and Qi Tian and Qingming Huang and Yong Rui},
	title = {Embedding Multi-Order Spatial Clues for Scalable Visual Matching and Retrieval},
	journal = {{IEEE} Journal of Emerging and Selected Topics in Circuits and Systems},
	volume = {4},
	number = {1},
	pages = {130--141},
	year = {2014},
	url = {http://dx.doi.org/10.1109/JETCAS.2014.2298272},
}

@article{RuiHuangChang:1999,
	author = {Yong Rui and Thomas S. Huang and Shih{-}Fu Chang},
	title = {Image Retrieval: Current Techniques, Promising Directions, and Open Issues},
	journal = {Journal of Visual Communication and Image Representation},
	volume = {10},
	number = {1},
	pages = {39--62},
	month = {March},
	year = {1999},
	url = {http://dx.doi.org/10.1006/jvci.1999.0413},
}

@article{ZhangTianHuanggaoRui:2014,
	author = {Shiliang Zhang and Qi Tian and Qingming Huang and Wen Gao and Yong Rui},
	title = {{USB:} Ultrashort Binary Descriptor for Fast Visual Matching and Retrieval},
	journal = {{IEEE} Transactions on Image Processing},
	volume = {23},
	number = {8},
	pages = {3671--3683},
	year = {2014},
	url = {http://dx.doi.org/10.1109/TIP.2014.2330794},
}

@inproceedings{ToliasAvrithisJegou:2013,
	author = {Giorgos Tolias and Yannis S. Avrithis and Herv{\'{e}} J{\'{e}}gou},
	title = {To Aggregate or not to aggregate: Selective Match Kernels for Image Search},
	booktitle = {Computer Vision, International Conference on},
	address = {Sydney, Australia},
	pages = {1401--1408},
	month = {December},
	year = {2013},
	url = {http://dx.doi.org/10.1109/ICCV.2013.177},
}

@inproceedings{DelhumeaGosselinJegouPerez:2013,
	author = {Jonathan Delhumeau and Philippe H. Gosselin and Herv{\'{e}} J{\'{e}}gou and Patrick P{\'{e}}rez},
	title = {Revisiting the {VLAD} image representation},
	booktitle = {{ACM} Multimedia Conference},
	address = {Barcelona, Spain},
	pages = {653--656},
	month = {October},
	year = {2013},
	url = {http://doi.acm.org/10.1145/2502081.2502171},
}

% VLAD
@inproceedings{JegouDouzeSchmidPerez:2010, 
	author = {Herv{\'{e}} J{\'{e}}gou and Matthijs Douze and Cordelia Schmid, C. and Patrick P{\'{e}}rez}, 
	booktitle = {Computer Vision and Pattern Recognition, Conference on}, 
	title = {Aggregating local descriptors into a compact image representation}, 
	address = {San Fransisco, California},
	year = {2010}, 
	month = {June}, 
	pages = {3304--3311}, 
}

% Survey
@article{DattaJoshiLiWang:2008,
	author = {Ritendra Datta and Dhiraj Joshi and Jia Li and James Ze Wang},
	title = {Image retrieval: Ideas, influences, and trends of the new age},
	journal = {{ACM} Computing Survey},
	volume = {40},
	number = {2},
	year = {2008},
	url = {http://doi.acm.org/10.1145/1348246.1348248},
}

% Image similarity perception
@inproceedings{RogowitzFreseSmithBoumanKalin:1998,
	author = {Bernice E. Rogowitz and Thomas Frese and John R. Smith and Charles A. Bouman and Edward B. Kalin},
	title = {Perceptual image similarity experiments},
	journal = {Proceedings of SPIE},
	volume = {3299},
	number = {},
	pages = {576--590},
	month = {January},
	year = {1998},
	url = {http://dx.doi.org/10.1117/12.320148},
}

% DAISY
@inproceedings{TolaLepetitFua:2008,
	author = {Engin Tola and Vincent Lepetit and Pascal Fua},
	title = {A fast local descriptor for dense matching},
	booktitle = {Computer Vision and Pattern Recognition, Conference on},
	address = {Anchorage, AK},
	pages = {1--8},
	month = {June},
	year = {2008},
	url = {http://dx.doi.org/10.1109/CVPR.2008.4587673},
}

% more DAISY
@inproceedings{WinderHuaBrown:2009,
	author = {Simon A. J. Winder and Gang Hua and Matthew Brown},
	title = {Picking the best {DAISY}},
	booktitle = {Computer Vision and Pattern Recognition, Conference on},
	address = {Miami, Florida},
	pages = {178--185},
	month = {June},
	year = {2009},
	url = {http://dx.doi.org/10.1109/CVPRW.2009.5206839},
}

% RootSIFT
@inproceedings{ArandjelovicZisserman:2012,
	author = {Relja Arandjelovic and Andrew Zisserman},
	title = {Three things everyone should know to improve object retrieval},
	booktitle = {Computer Vision and Pattern Recognition, Conference on},
	address = {Providence, Rhode Island},
	pages = {2911--2918},
	month = {June},
	year = {2012},
	url = {http://dx.doi.org/10.1109/CVPR.2012.6248018},
}

% Attributes + Fisher Vectors
@inproceedings{DouzeRamisaSchmid:2011,
	author = {Matthijs Douze and Arnau Ramisa and Cordelia Schmid},
	title = {Combining attributes and Fisher vectors for efficient image retrieval},
	booktitle = {Computer Vision and Pattern Recognition, Conference on},
	address = {Colorado Springs, CO},
	pages = {745--752},
	month = {June},
	year = {2011},
	url = {http://dx.doi.org/10.1109/CVPR.2011.5995595},
}

% SIFT
@article{Lowe:2004,
	author = {David G. Lowe},
	title = {Distinctive Image Features from Scale-Invariant Keypoints},
	journal = {International Journal of Computer Vision},
	volume = {60},
	number = {2},
	pages = {91--110},
	month = {November},
	year = {2004},
	url = {http://dx.doi.org/10.1023/B:VISI.0000029664.99615.94},
}

% Original BoW (Bag of Visual Words)
@inproceedings{SivicZisserman:2003,
    author = {Josef Sivic and Andrew Zisserman},
    title = {Video Google: {A} Text Retrieval Approach to Object Matching in Videos},
    booktitle = {Computer Vision, International Conference on},
    pages = {1470--1477},
    month = {October},
    year = {2003},
    address = {Nice, France},
    url = {http://doi.ieeecomputersociety.org/10.1109/ICCV.2003.1238663},
}

% Local Descriptor Survey
@article{MikolajczykSchmid:2005,
    author = {Krystian Mikolajczyk and Cordelia Schmid},
    title = {A Performance Evaluation of Local Descriptors},
    journal = {{IEEE} Transactions on Pattern Analysis and Machine Intelligence},
    volume = {27},
    number = {10},
    pages = {1615--1630},
    month = {October},
    year = {2005},
}

% Original CNN
@article{LeCunBoserDenkerhendersonHowardHubbardJackel:1989,
    author = {Yann LeCun and Bernhard E. Boser and John S. Denker and Donnie Henderson and R. E. Howard and Wayne E. Hubbard and Lawrence D. Jackel},
    title = {Backpropagation Applied to Handwritten Zip Code Recognition},
    journal = {Neural Computation},
    volume = {1},
    number = {4},
    pages = {541--551},
    month = {December},
    year = {1989},
    url = {http://dx.doi.org/10.1162/neco.1989.1.4.541},
}

% Understanding CNNs
@inproceedings{ZeilerFergus:2014,
    author = {Matthew D. Zeiler and Rob Fergus},
    title = {Visualizing and Understanding Convolutional Networks},
    booktitle = {Computer Vision, European Conference on},
    publisher = {Springer},
    series = {Lecture Notes in Computer Science},
    volume = {8689},
    pages = {818--833},
    month = {September},
    year = {2014},
    address = {Zurich, Switzerland},
    url = {http://dx.doi.org/10.1007/978-3-319-10590-1_53},
}

% Deep Architectures
@article{Bengio:2009,
    url = {http://dx.doi.org/10.1561/2200000006},
    month = {November},
    year = {2009},
    volume = {2},
    journal = {Foundations and Trends\textregistered{ }in Machine Learning},
    title = {Learning Deep Architectures for {AI}},
    number = {1},
    pages = {1--127},
    author = {Yoshua Bengio},
    publisher = {Now Publishers Inc.},
    address = {Hanover, Massachusetts},
}

% VLFeat
@misc{VedaldiFulkerson:2008,
    author = {Andrea Vedaldi and Brian Fulkerson},
    title = {{VLFeat}: An Open and Portable Library of Computer Vision Algorithms},
    year  = {2008},
    howpublished = {http://www.vlfeat.org/},
}

% VLBenchmarks
@misc{LencGulshanVedaldi:2011,
    author = {Karel Lenc and Varun Gulshan and Andrea Vedaldi},
    title = {VLBenchmarks},
    year  = {2011},
    howpublished = {http://www.vlfeat.org/benchmarks/},
}

% Bishop NN Book
@book{Bishop:1995,
    author = {Christopher M. Bishop},
    title = {Neural Networks for Pattern Recognition},
    year = {1995},
    isbn = {0198538642},
    publisher = {Oxford University Press, Inc.},
    address = {New York, New York},
} 

% Deep Learning
@article{Schmidhuber:2015, 
    author = {J{\"u}rgen Schmidhuber}, 
    title = {Deep Learning in Neural Networks: An Overview}, 
    journal = {Neural Networks}, 
    pages = {85--117}, 
    volume = {61}, 
    doi = {10.1016/j.neunet.2014.09.003}, 
    note = {Published online 2014; based on TR arXiv:1404.7828 [cs.NE]}, 
    year = {2015}
}

% Caffe
@article{JiaShelhamerDonahueKarayevLongGirshickGuadarramaDarrell:2014,
  author = {Yangqing Jia and Evan Shelhamer and Jeff Donahue and Sergey Karayev and Jonathan Long and Ross B. Girshick and Sergio Guadarrama and Trevor Darrell},
  title = {Caffe: Convolutional Architecture for Fast Feature Embedding},
  journal = {Computing Research Repository},
  volume = {abs/1408.5093},
  year = {2014},
  url = {http://arxiv.org/abs/1408.5093},
}

% OverFeat
@article{SermanetEigenZhangMathieuFergusLeCun:2013,
    author = {Pierre Sermanet and David Eigen and Xiang Zhang and Micha{\"{e}}l Mathieu and Rob Fergus and Yann LeCun},
    title = {OverFeat: Integrated Recognition, Localization and Detection using Convolutional Networks},
    journal = {CoRR},
    volume = {abs/1312.6229},
    year = {2013},
    url = {http://arxiv.org/abs/1312.6229},
}

% Modern Information Retrieval
@book{BaezaYatesRibeiroNeto:1999,
    author = {Ricardo A. Baeza-Yates and Berthier Ribeiro-Neto},
    title = {Modern Information Retrieval},
    year = {1999},
    isbn = {020139829X},
    publisher = {Addison-Wesley Longman Publishing Co., Inc.},
    address = {Boston, Massachusetts},
}

% Nested Shape Descriptors
@inproceedings{ByrneShi:2013,
  author = {Jeffrey Byrne and Jianbo Shi},
  title = {Nested Shape Descriptors},
  booktitle = {Computer Vision, International Conference on},
  pages = {1201--1208},
  month = {December},
  year = {2013},
  address = {Sydney, Australia},
  url = {http://dx.doi.org/10.1109/ICCV.2013.152},
}

% BRIEF
@article{CalondewrLepetitOzuysalTrzcinskiStrechaFua:2012,
    author = {Michael Calonder and Vincent Lepetit and Mustafa {\"{O}}zuysal and Tomasz Trzcinski and Christoph Strecha and Pascal Fua},
    title = {{BRIEF:} Computing a Local Binary Descriptor Very Fast},
    journal = {{IEEE} Transactions on Pattern Analysis and Machine Intelligence},
    volume = {34},
    number = {7},
    pages = {1281--1298},
    year = {2012},
    url = {http://doi.ieeecomputersociety.org/10.1109/TPAMI.2011.222},
}

% BRISK
@inproceedings{LeuteneggerChliSiegwart:2011,
    author = {Stefan Leutenegger and Margarita Chli and Roland Siegwart},
    title = {{BRISK:} Binary Robust invariant scalable keypoints},
    booktitle = {Computer Vision, International Conference on},
    pages = {2548--2555},
    month = {November},
    year = {2011},
    address = {Barcelona, Spain},
    url = {http://dx.doi.org/10.1109/ICCV.2011.6126542},
}

% FREAK
@inproceedings{AlahiOrtizVandergheynst:2012,
    author = {Alexandre Alahi and Raphael Ortiz and Pierre Vandergheynst},
    title = {{FREAK:} Fast Retina Keypoint},
    booktitle = {Computer Vision and Pattern Recognition, Conference on},
    pages = {510--517},
    month = {June},
    year = {2012},
    address = {Providence, Rhode Island},
    url = {http://dx.doi.org/10.1109/CVPR.2012.6247715},
}

% Interest Points
@article{MikolajczykSchmid:2004,
    author = {Mikolajczyk, Krystian and Schmid, Cordelia},
    journal = {International Journal of Computer Vision},
    number = {1},
    pages = {63--86},
    timestamp = {2005-04-25T00:00:00.000+0200},
    title = {Scale and Affine Invariant Interest Point Detectors},
    url = {http://dblp.uni-trier.de/db/journals/ijcv/ijcv60.html#MikolajczykS04},
    volume = {60},
    month = {October},
    year = {2004},
}

% Sparse coding for image classification
@inproceedings{YangYuGonghaung:2009,
    author = {Jianchao Yang and Kai Yu and Yihong Gong and Thomas S. Huang},
    title = {Linear spatial pyramid matching using sparse coding for image classification},
    booktitle = {Computer Vision and Pattern Recognition, Conference on},
    pages = {1794--1801},
    month = {June},
    year = {2009},
    address = {Miami, Florida},
    url = {http://dx.doi.org/10.1109/CVPRW.2009.5206757},
}

% Bishop
@book{Bishop:2006,
    author = {Bishop, Christopher M.},
    title = {Pattern Recognition and Machine Learning},
    year = {2006},
    isbn = {0387310738},
    publisher = {Springer-Verlag New York, Inc.},
    address = {Secaucus, NJ, USA},
}

% Sinkhorn algorithm
@article{Sinkhorn:1964,
    author = "Sinkhorn, Richard",
    doi = "10.1214/aoms/1177703591",
    fjournal = "The Annals of Mathematical Statistics",
    journal = "Annals of Mathematical Statistics",
    month = "June",
    number = "2",
    pages = "876--879",
    publisher = "The Institute of Mathematical Statistics",
    title = "A Relationship Between Arbitrary Positive Matrices and Doubly Stochastic Matrices",
    url = "http://dx.doi.org/10.1214/aoms/1177703591",
    volume = "35",
    year = "1964"
}

@inproceedings{PhilbinIsardSivicZisserman:2010,
    author = {James Philbin and Michael Isard and Josef Sivic and Andrew Zisserman},
    title = {Descriptor Learning for Efficient Retrieval},
    booktitle = {Computer Vision, European Conference on},
    publisher = {Springer},
    series = {Lecture Notes in Computer Science},
    volume = {6313},
    pages = {677--691},
    month = {September},
    year = {2010},
    address = {Heraklion, Greece},
    url = {http://dx.doi.org/10.1007/978-3-642-15558-1_49},
}

@article{SimonyanvedaldiZisserman:2014,
    author = {Karen Simonyan and Andrea Vedaldi and Andrew Zisserman},
    title = {Learning Local Feature Descriptors Using Convex Optimisation},
    journal = {{IEEE} Transactions on Pattern Analysis and Machine Intelligence},
    volume = {36},
    number = {8},
    pages = {1573--1585},
    year = {2014},
    url = {http://doi.ieeecomputersociety.org/10.1109/TPAMI.2014.2301163},
}

% Lowe's second nearest-neighbor ratio test
@inproceedings{Lowe:1999,
    author = {David G. Lowe},
    title = {Object Recognition from Local Scale-Invariant Features},
    booktitle = {Computer Vision, Conference on},
    pages = {1150--1157},
    year = {1999},
    url = {http://computer.org/proceedings/iccv/0164/vol%202/01641150abs.htm},
}

% RANSAC
@article{FischlerBolles:1981,
    author = {Martin A. Fischler and Robert C. Bolles},
    title = {Random Sample Consensus: A Paradigm for Model Fitting with Applications to Image Analysis and Automated Cartography},
    journal = {Communications of the {ACM}},
    volume = {24},
    number = {6},
    month = jun,
    year = {1981},
    pages = {381--395},
    url = {http://doi.acm.org/10.1145/358669.358692},
    publisher = {{ACM}},
} 

% Harris detector
@inproceedings{HarrisStephens:1988,
    author = {Chris Harris and Mike Stephens},
    title = {A Combined Corner and Edge Detector},
    booktitle = {Alvey Vision Conference},
    pages = {1--6},
    month = {September},
    year = {1988},
    address = {Manchester, United Kingdom},
    url = {http://dx.doi.org/10.5244/C.2.23},
}

% Layer types
@inproceedings{JarrettKavukcuogluRanzatoLeCun:2009,
    author = {Kevin Jarrett and Koray Kavukcuoglu and Marc'Aurelio Ranzato and Yann LeCun},
    title = {What is the best multi-stage architecture for object recognition?},
    booktitle = {Computer Vision, International Conference on},
    pages = {2146--2153},
    month = {September},
    year = {2009},
    address = {Kyoto, Japan},
    url = {http://dx.doi.org/10.1109/ICCV.2009.5459469},
}

@inproceedings{CiresanMeierMascigambardellaSchmidhuber:2011,
    author = {Dan C. Ciresan and Ueli Meier and Jonathan Masci and Luca Maria Gambardella and J{\"{u}}rgen Schmidhuber},
    title = {Flexible, High Performance Convolutional Neural Networks for Image Classification},
    booktitle = {Artificial Intelligence, International Joint Conference on},
    pages = {1237--1242},
    month = {July},
    year = {2011},
    address = {Barcelona, Spain},
    url = {http://ijcai.org/papers11/Papers/IJCAI11-210.pdf},
}

@inproceedings{LeCunKavukcuogluFarabet:2010,
    author = {Yann LeCun and Koray Kavukcuoglu and Cl{\'{e}}ment Farabet},
    title = {Convolutional networks and applications in vision},
    booktitle = {Circuits and Systems, International Symposium on},
    pages = {253--256},
    month = {May},
    year = {2010},
    address = {Paris, France},
    url = {http://dx.doi.org/10.1109/ISCAS.2010.5537907},
}

% Stochastic gradient descent tricks
@incollection{Bottou:2012,
    year = {2012},
    booktitle = {Neural Networks: Tricks of the Trade},
    volume = {7700},
    series = {Lecture Notes in Computer Science},
    FULLeditor = {Gr{\'e}goire Montavon and Genevi{\`e}ve B. Orr and Klaus-Robert M{\"u}ller},
    title = {Stochastic Gradient Descent Tricks},
    url = {http://dx.doi.org/10.1007/978-3-642-35289-8_25},
    publisher = {Springer},
    author = {L{\'e}on Bottou},
    pages = {421--436},
}

% Optimization for machine learning
@book{SraNowozinWright:2012,
    title = {Optimization for Machine Learning},
    author = {Suvrit Sra and Sebastian Nowozin and Stephen J. Wright},
    series = {Neural Information Processing Series},
    url = {https://books.google.de/books?id=JPQx7s2L1A8C},
    year = {2012},
    publisher = {MIT Press}
}

% Generalization performance of stochastic gradient descent
@inproceedings{BottouBousquet:2007,
    author = {L{\'{e}}on Bottou and Olivier Bousquet},
    title = {The Tradeoffs of Large Scale Learning},
    booktitle = {Advances in Neural Information Processing Systems},
    pages = {161--168},
    month = {December},
    year = {2007},
    address = {Vancouver, Canada},
    FULLpublisher = {MIT Press},
    url = {http://papers.nips.cc/paper/3323-the-tradeoffs-of-large-scale-learning},
}

% Error backpropagation.
@incollection{RumelhartHintonWilliams:1988,
    author = {David E. Rumelhart and Geoffrey E. Hinton and Ronald J. Williams},
    booktitle = {Neurocomputing: Foundations of Research},
    chapter = {Learning Representations by Back-propagating Errors},
    title = {Neurocomputing: Foundations of Research},
    editor = {James A. Anderson and Edward Rosenfeld},
    year = {1988},
    isbn = {0-262-01097-6},
    pages = {696--699},
    url = {http://dl.acm.org/citation.cfm?id=65669.104451},
    acmid = {104451},
    publisher = {MIT Press},
    address = {Cambridge, Massachusetts},
} 

% Dropout
@article{HintonSrivastavaKrizhevskySutskeverSalakhutdinoc:2012,
    author = {Geoffrey E. Hinton and Nitish Srivastava and Alex Krizhevsky and Ilya Sutskever and Ruslan Salakhutdinov},
    title = {Improving neural networks by preventing co-adaptation of feature detectors},
    journal = {CoRR},
    volume = {abs/1207.0580},
    year = {2012},
    url = {http://arxiv.org/abs/1207.0580},
}

% GIST
@article{OlivaTorralba:2001,
    author = {Aude Oliva and Antonio Torralba},
    title = {Modeling the Shape of the Scene: {A} Holistic Representation of the Spatial Envelope},
    journal = {International Journal of Computer Vision},
    volume = {42},
    number = {3},
    pages = {145--175},
    month = {May},
    year = {2001},
    url = {http://dx.doi.org/10.1023/A:1011139631724},
}

% GIST 2
@article{OlivaTorralba:2006,
    title = {Building the gist of a scene: The role of global image features in recognition},
    author = {Aude Oliva and Antonio Torralba},
    journal = {Progress in Brain Research},
    volume = {155},
    pages = {23--36},
    month = {October},
    year = {2006},
    publisher = {Elsevier},
}

% GIST in image retrieval
@inproceedings{DouzeJegouSandhawaliaAmsalegSchmid:2009,
    author = {Matthijs Douze and Herv{\'e} J{\'e}gou and Harsimrat Sandhawalia and Laurent Amsaleg and Cordelia Schmid},
    title = {Evaluation of {GIST} descriptors for web-scale image search},
    booktitle = {Image and Video Retrieval, International Conference on},
    month = {July},
    year = {2009},
    address = {Santorini Island, Greece},
    url = {http://doi.acm.org/10.1145/1646396.1646421},
}

% Product quantization
@article{JegouDouzeSchmid:2011,
    author = {Herv{\'{e}} J{\'{e}}gou and Matthijs Douze and Cordelia Schmid},
    title = {Product Quantization for Nearest Neighbor Search},
    journal = {{IEEE} Transactions on Pattern Analysis and Machine Intelligence},
    volume = {33},
    number = {1},
    pages = {117--128},
    year = {2011},
    url = {http://doi.ieeecomputersociety.org/10.1109/TPAMI.2010.57},
}

@inproceedings{ChumPhilbinSivicIsardZisserman:2007,
    author = {Ondrej Chum and James Philbin and Josef Sivic and Michael Isard and Andrew Zisserman},
    title = {Total Recall: Automatic Query Expansion with a Generative Feature Model for Object Retrieval},
    booktitle = {Computer Vision, International Conference on},
    pages = {1--8},
    month = {October},
    year = {2007},
    address = {Rio de Janeiro, Brazil},
    url = {http://dx.doi.org/10.1109/ICCV.2007.4408891},
}

% ImageNet
@inproceedings{DengDongSocherLiLiLi:2009,
    author = {Jia Deng and Wei Dong and Richard Socher and Li{-}Jia Li and Kai Li and Fei{-}Fei Li},
    title = {ImageNet: {A} large-scale hierarchical image database},
    booktitle = {Computer Vision and Pattern Recognition, Conference on},
    pages = {248--255},
    month = {June},
    year = {2009},
    address = {Miami, Florida},
    url = {http://dx.doi.org/10.1109/CVPRW.2009.5206848},
}

% INRIA Holidays
@inproceedings{JegouDouzeSchmid:2008,
	author = {Herv{\'e} J{\'e}gou and Matthijs Douze and Cordelia Schmid},
	title = {Hamming Embedding and Weak Geometric Consistency for Large Scale Image Search},
	booktitle = {Computer Vision, European Conference on},
	series = {Lecture Notes in Computer Science},
	publisher = {Springer},
	volume = {5302},
	address = {Marseille, France},
	pages = {304--317},
	month = {October},
	year = {2008},
	url = {http://dx.doi.org/10.1007/978-3-540-88682-2_24},
}

% Burstiness
@inproceedings{JegouDouzeSchmid:2009,
    author = {Herv{\'e} J{\'e}gou and Matthijs Douze and Cordelia Schmid},
    title = {On the burstiness of visual elements},
    booktitle = {Computer Vision and Pattern Recognition, Conference on},
    pages = {1169--1176},
    month = {June},
    year = {2009},
    address = {Miami, Florida},
    url = {http://dx.doi.org/10.1109/CVPRW.2009.5206609},
}

% Power-law normalization
@inproceedings{JegouChum:2012,
    author = {Herv{\'{e}} J{\'{e}}gou and Ondrej Chum},
    title = {Negative Evidences and Co-occurences in Image Retrieval: The Benefit of {PCA} and Whitening},
    booktitle = {Computer Vision, European Conference on},
    series = {Lecture Notes in Computer Science},
    publisher = {Springer},
    volume = {7573},
    pages = {774--787},
    month = {October},
    year = {2012},
    addrss = {Florence, Italy},
    url = {http://dx.doi.org/10.1007/978-3-642-33709-3_55},
}

% Deep Inside CNNs
@article{SimonyanVedaldiZisserman:2013,
    author = {Karen Simonyan and Andrea Vedaldi and Andrew Zisserman},
    title = {Deep Inside Convolutional Networks: Visualising Image Classification Models and Saliency Maps},
    journal = {CoRR},
    volume = {abs/1312.6034},
    year = {2013},
    url = {http://arxiv.org/abs/1312.6034},
}
